<record xmlns:xsi="http://www.w3.org/2001/XMLSchema-instance" xmlns="http://www.loc.gov/MARC21/slim" xsi:schemaLocation="http://www.loc.gov/MARC21/slim http://www.loc.gov/standards/marcxml/schema/MARC21slim.xsd">

  <leader>00497nam a2200157Ia 4500</leader>
  <datafield ind2=" " ind1=" " tag="999">
    <subfield code="c">2174</subfield>
    <subfield code="d">2174</subfield>
  </datafield>
  <controlfield tag="008">180712b2007    cr ||||| |||| 00| | spa d</controlfield>
  <datafield ind2=" " ind1=" " tag="090">
    <subfield code="a">15.02.02 </subfield>
    <subfield code="b">1752</subfield>
  </datafield>
  <datafield tag="100" ind1=" " ind2=" ">
    <subfield code="a">Rodríguez Herrera, Olga María</subfield>
    <subfield code="9">2601</subfield>
  </datafield>
  <datafield ind1="1" ind2="0" tag="245">
    <subfield code="a">Respeto a toda forma de vida / </subfield>
    <subfield code="c">Olga María Rodríguez Herrera.</subfield>
  </datafield>
  <datafield tag="250" ind1=" " ind2=" ">
    <subfield code="a">2 edición</subfield>
  </datafield>
  <datafield tag="260" ind1=" " ind2=" ">
    <subfield code="a">Costa Rica : </subfield>
    <subfield code="c">2007</subfield>
    <subfield code="b">Sociedad mundial para la protección de animales, </subfield>
  </datafield>
  <datafield ind1=" " ind2=" " tag="300">
    <subfield code="a">222 páginas</subfield>
  </datafield>
  <datafield ind1="1" ind2="4" tag="650">
    <subfield code="a">VIDA</subfield>
    <subfield code="9">4037</subfield>
  </datafield>
  <datafield ind1="1" ind2="4" tag="650">
    <subfield code="a">ANIMALES</subfield>
    <subfield code="9">2469</subfield>
  </datafield>
  <datafield tag="942" ind2=" " ind1=" ">
    <subfield code="2">z</subfield>
    <subfield code="c">01</subfield>
  </datafield>
</record>